@inproceedings{zhang2023temporal,
  title={Temporal consistent automatic video colorization via semantic correspondence},
  author={Zhang, Yu and Chen, Siqi and Wang, Mingdao and Zhang, Xianlin and Zhu, Chuang and Zhang, Yue and Li, Xueming},
  booktitle={Proceedings of the IEEE/CVF Conference on Computer Vision and Pattern Recognition (CVPR)},
  pages={1836--1845},
  year={2023}
}
